<record><leader>00000cas a22000007i 4500</leader><controlfield tag="001">50907842</controlfield><controlfield tag="006">m     o  d        </controlfield><controlfield tag="007">cr un|||||||||</controlfield><controlfield tag="008">021031c18959999ctudr neo     0   a0eng  </controlfield><datafield ind1=" " ind2=" " tag="010"><subfield code="a">  2015218553</subfield></datafield><datafield ind1=" " ind2=" " tag="040"><subfield code="a">TXU</subfield><subfield code="b">eng</subfield><subfield code="c">TXU</subfield><subfield code="d">OCLCQ</subfield><subfield code="d">CO3</subfield><subfield code="d">OCLCF</subfield><subfield code="d">OCLCO</subfield><subfield code="d">DLC</subfield></datafield><datafield ind1="0" ind2=" " tag="022"><subfield code="a">2377-5874</subfield><subfield code="2">1</subfield></datafield><datafield ind1="1" ind2=" " tag="029"><subfield code="a">NZ1</subfield><subfield code="b">16179439</subfield></datafield><datafield ind1=" " ind2=" " tag="042"><subfield code="a">msc</subfield><subfield code="a">nsdp</subfield></datafield><datafield ind1=" " ind2=" " tag="043"><subfield code="a">n-us-ct</subfield></datafield><datafield ind1="1" ind2="0" tag="050"><subfield code="a">ISSN RECORD</subfield></datafield><datafield ind1=" " ind2="4" tag="050"><subfield code="a">AN</subfield></datafield><datafield ind1="0" ind2="0" tag="082"><subfield code="a">071</subfield><subfield code="2">23</subfield></datafield><datafield ind1=" " ind2="0" tag="222"><subfield code="a">Norwich bulletin</subfield><subfield code="b">(Online)</subfield></datafield><datafield ind1="0" ind2="0" tag="245"><subfield code="a">Norwich bulletin.</subfield></datafield><datafield ind1="3" ind2="0" tag="246"><subfield code="a">Norwich Sunday record</subfield></datafield><datafield ind1="3" ind2="0" tag="246"><subfield code="a">Norwich bulletin-record</subfield></datafield><datafield ind1="3" ind2="0" tag="246"><subfield code="a">Sunday bulletin</subfield></datafield><datafield ind1="1" ind2="3" tag="246"><subfield code="a">Morning bulletin, weekly courier</subfield><subfield code="f">&lt;June 18, 1896-July 5, 1900&gt;</subfield></datafield><datafield ind1="1" ind2="3" tag="246"><subfield code="a">Morning bulletin</subfield><subfield code="f">&lt;Aug. 30, 1900&gt;-Jan 7, 1904</subfield></datafield><datafield ind1="1" ind2="3" tag="246"><subfield code="a">Norwich bulletin and courier</subfield><subfield code="f">Jan. 8, 1904-Nov. 19, 1930</subfield></datafield><datafield ind1="1" ind2="3" tag="246"><subfield code="a">Norwich bulletin, Norwich courier</subfield><subfield code="f">Nov. 20, 1930-May 30, 1944</subfield></datafield><datafield ind1=" " ind2="1" tag="264"><subfield code="a">Norwich, Conn. :</subfield><subfield code="b">Bulletin Co.</subfield></datafield><datafield ind1=" " ind2=" " tag="300"><subfield code="a">1 online resource</subfield></datafield><datafield ind1=" " ind2=" " tag="310"><subfield code="a">Daily,</subfield><subfield code="b">Nov. 2, 1930-</subfield></datafield><datafield ind1=" " ind2=" " tag="321"><subfield code="a">Daily (except Sun.),</subfield><subfield code="b">1895-Nov. 1, 1930</subfield></datafield><datafield ind1=" " ind2=" " tag="336"><subfield code="a">text</subfield><subfield code="b">txt</subfield><subfield code="2">rdacontent</subfield></datafield><datafield ind1=" " ind2=" " tag="337"><subfield code="a">computer</subfield><subfield code="b">c</subfield><subfield code="2">rdamedia</subfield></datafield><datafield ind1=" " ind2=" " tag="338"><subfield code="a">online resource</subfield><subfield code="b">cr</subfield><subfield code="2">rdacarrier</subfield></datafield><datafield ind1="1" ind2=" " tag="362"><subfield code="a">Began in 1895.</subfield></datafield><datafield ind1=" " ind2=" " tag="500"><subfield code="a">"Republican."</subfield></datafield><datafield ind1=" " ind2=" " tag="500"><subfield code="a">On Sundays published as: Norwich Sunday record, &lt;July 1, 1934&gt;-May 12, 1957, and: Norwich bulletin-record, May 19-26, 1957, and: Norwich bulletin record, June 1957-Mar. 15, 1981, and Sunday bulletin, Mar. 22, 1981-</subfield></datafield><datafield ind1=" " ind2=" " tag="500"><subfield code="a">Includes section with separate designation called: The Courier, &lt;Mar. 1, 1964&gt;-Mar. 2, 1980.</subfield></datafield><datafield ind1=" " ind2=" " tag="500"><subfield code="a">Published in regional editions for New London County and Windham County: June 19, 1990-</subfield></datafield><datafield ind1=" " ind2=" " tag="500"><subfield code="a">Includes weekly sections called: Windham County transcript, and: Community transcript, and: Shoreline transcript, Jan. 14, 1998-</subfield></datafield><datafield ind1=" " ind2=" " tag="500"><subfield code="a">Articles selectively issued on CD-ROM version as part of: Newsbank News File, and as part of Newsbank Reference Services.</subfield></datafield><datafield ind1=" " ind2=" " tag="515"><subfield code="a">Issues for Nov. 22, 1937-May 19, 1975 lack numbering.</subfield></datafield><datafield ind1=" " ind2=" " tag="530"><subfield code="a">Available on microfilm from UMI and from Connecticut State Library, Hartford, Conn.</subfield></datafield><datafield ind1=" " ind2=" " tag="580"><subfield code="a">Evening ed.: Norwich evening record, Nov. 1927-June 27, 1952.</subfield></datafield><datafield ind1=" " ind2=" " tag="580"><subfield code="a">Semiweekly ed.: Norwich courier (Norwich, Conn. : 1901), &lt;Mar. 12, 1901&gt;-Oct. 1927.</subfield></datafield><datafield ind1=" " ind2=" " tag="580"><subfield code="a">Weekly eds.: Norwich weekly courier (Norwich, Conn. : 1860), &lt;1895&gt;, and: Norwich bulletin, Norwich courier, Cooley's weekly, Nov. 5, 1927, and: Norwich courier-Cooley's weekly, Nov. 11, 1927-Oct. 1930.</subfield></datafield><datafield ind1=" " ind2=" " tag="588"><subfield code="a">Description based on: Vol. LII, no. 1 (January 1, 1910); title from masthead (Chroniclingamerica.loc.gov, viewed February 26, 2015).</subfield></datafield><datafield ind1=" " ind2=" " tag="588"><subfield code="a">Latest issue consulted: Vol. LXIV, no. 312 December 30, 1922) (Chroniclingamerica.loc.gov, viewed February 26, 2015).</subfield></datafield><datafield ind1=" " ind2="0" tag="651"><subfield code="a">Norwich (Conn.)</subfield><subfield code="v">Newspapers.</subfield></datafield><datafield ind1=" " ind2="0" tag="651"><subfield code="a">New London County (Conn.)</subfield><subfield code="v">Newspapers.</subfield></datafield><datafield ind1=" " ind2="0" tag="651"><subfield code="a">Windham County (Conn.)</subfield><subfield code="v">Newspapers.</subfield></datafield><datafield ind1=" " ind2="7" tag="651"><subfield code="a">Connecticut</subfield><subfield code="z">New London County.</subfield><subfield code="2">fast</subfield><subfield code="0">(OCoLC)fst01221053</subfield></datafield><datafield ind1=" " ind2="7" tag="651"><subfield code="a">Connecticut</subfield><subfield code="z">Norwich.</subfield><subfield code="2">fast</subfield><subfield code="0">(OCoLC)fst01216259</subfield></datafield><datafield ind1=" " ind2="7" tag="651"><subfield code="a">Connecticut</subfield><subfield code="z">Windham County.</subfield><subfield code="2">fast</subfield><subfield code="0">(OCoLC)fst01212082</subfield></datafield><datafield ind1=" " ind2="7" tag="655"><subfield code="a">Newspapers.</subfield><subfield code="2">fast</subfield><subfield code="0">(OCoLC)fst01423814</subfield></datafield><datafield ind1=" " ind2=" " tag="752"><subfield code="a">United States</subfield><subfield code="b">Connecticut</subfield><subfield code="c">New London</subfield><subfield code="d">Norwich.</subfield></datafield><datafield ind1="1" ind2=" " tag="775"><subfield code="t">Norwich courier (Norwich, Conn. 1901)</subfield><subfield code="w">(DLC)sn 92051444</subfield></datafield><datafield ind1="1" ind2=" " tag="775"><subfield code="t">Norwich weekly courier (Norwich, Conn. : 1860)</subfield><subfield code="w">(DLC)sn 84022587</subfield><subfield code="w">(OCoLC)10494089</subfield></datafield><datafield ind1="1" ind2=" " tag="775"><subfield code="t">Norwich bulletin, Norwich courier, Cooley's weekly</subfield><subfield code="w">(DLC)sn 92051448</subfield></datafield><datafield ind1="0" ind2="8" tag="776"><subfield code="i">Originally issued in print:</subfield><subfield code="t">Norwich bulletin</subfield><subfield code="x">2377-5866</subfield><subfield code="w">(DLC)sn 82014086</subfield><subfield code="w">(OCoLC)8766538</subfield></datafield><datafield ind1="0" ind2="0" tag="780"><subfield code="t">Norwich morning bulletin</subfield><subfield code="w">(DLC)sn 82015887</subfield><subfield code="w">(OCoLC)8821726</subfield></datafield><datafield ind1="0" ind2="5" tag="780"><subfield code="t">Norwich courier-Cooley's weekly</subfield><subfield code="g">Oct. 31, 1930</subfield><subfield code="w">(DLC)sn 92051435</subfield></datafield><datafield ind1="0" ind2="5" tag="780"><subfield code="t">Norwich evening record</subfield><subfield code="g">June 1952</subfield><subfield code="w">(DLC)sn 92051443</subfield></datafield><datafield ind1="0" ind2="5" tag="780"><subfield code="t">News (Groton, Conn.)</subfield><subfield code="g">April 1978</subfield><subfield code="w">(DLC)sn 92051341</subfield><subfield code="w">(OCoLC)26281902</subfield></datafield><datafield ind1="4" ind2="0" tag="856"><subfield code="u">http://www.loc.gov/chroniclingamerica/lccn/sn82014086/issues</subfield></datafield></record>